<?xml version="1.0" encoding="UTF-8"?><collection xmlns="http://www.loc.gov/MARC21/slim"><record><leader>00389nam--2200133-i-4500</leader><controlfield tag="001">000042851</controlfield><controlfield tag="002">20161230</controlfield><controlfield tag="005">20161230201043</controlfield><controlfield tag="008">060222s1000------------r-----000-0-eng-d</controlfield><datafield ind1=" " ind2=" " tag="080"><subfield code="a">543.243:546.791-19(043)</subfield></datafield><datafield ind1=" " ind2=" " tag="100"><subfield code="a">Stelly,Michael</subfield></datafield><datafield ind1=" " ind2=" " tag="245"><subfield code="a">Precipitatiion isotherme dans les alliages d`uranium cinetique de precipitation. these</subfield></datafield><datafield ind1=" " ind2=" " tag="260"><subfield code="a">Poitiers, Univ.,1971. 122 P</subfield></datafield><datafield ind1=" " ind2=" " tag="852"><subfield code="a">48639</subfield></datafield></record></collection>